%% This BibTeX bibliography file was created using BibDesk.
%% http://bibdesk.sourceforge.net/

%% Created for Justin Kracht at 2019-12-11 12:43:23 -0600 


%% Saved with string encoding Unicode (UTF-8) 



@article{dong1985non,
	Annote = {Same as Knol-Berger.},
	Author = {Dong, Hei-Ki},
	Date-Added = {2019-12-11 12:42:53 -0600},
	Date-Modified = {2019-12-11 12:43:02 -0600},
	Journal = {Applied psychological measurement},
	Number = {4},
	Pages = {363--366},
	Publisher = {Sage Publications Sage CA: Thousand Oaks, CA},
	Title = {Non-Gramian and singular matrices in maximum likelihood factor analysis},
	Volume = {9},
	Year = {1985}}

@article{devlin1975robust,
	Author = {Devlin, Susan J and Gnanadesikan, Ramanathan and Kettenring, Jon R},
	Date-Added = {2019-12-11 12:40:07 -0600},
	Date-Modified = {2019-12-11 12:40:07 -0600},
	Journal = {Biometrika},
	Number = {3},
	Pages = {531--545},
	Publisher = {Oxford University Press},
	Title = {Robust estimation and outlier detection with correlation coefficients},
	Volume = {62},
	Year = {1975}}

@article{fleming2005,
	Author = {Fleming, James S},
	Date-Added = {2019-12-11 12:27:37 -0600},
	Date-Modified = {2019-12-11 12:27:47 -0600},
	Journal = {Behavior research methods},
	Number = {1},
	Pages = {59--64},
	Publisher = {Springer},
	Title = {TETCORR: a computer program to compute smoothed tetrachoric correlation matrices},
	Volume = {37},
	Year = {2005}}

@inbook{wothke1993,
	Author = {Wothke, W.},
	Chapter = {Nonpositive definite matrices in structural modeling},
	Date-Added = {2019-12-11 12:12:50 -0600},
	Date-Modified = {2019-12-11 12:12:50 -0600},
	Editor = {Bollen, K.A. and Long, J. Scott},
	Journal = {Testing structural equation models},
	Keywords = {tetrachoric, matrix book, matrix smooth},
	Pages = {256--293},
	Publisher = {A Sage Focus Edition},
	Title = {Testing structural equation models},
	Year = {1993},
	Bdsk-File-1 = {YnBsaXN0MDDSAQIDBFxyZWxhdGl2ZVBhdGhZYWxpYXNEYXRhXxBSLi4vLi4vLi4vR29vZ2xlIERyaXZlL1NjaG9vbC9MaWJyYXJ5L0FydGljbGVzL01hdHJpeCBTbW9vdGhpbmcvV290aGtlIDE5OTMgbnBkLnBkZk8RAb4AAAAAAb4AAgAADE1hY2ludG9zaCBIRAAAAAAAAAAAAAAAAAAAAAAAAABCRAAB/////xNXb3Roa2UgMTk5MyBucGQucGRmAAAAAAAAAAAAAAAAAAAAAAAAAAAAAAAAAAAAAAAAAAAAAAAAAAAAAAAAAAD/////AAAAAAAAAAAAAAAAAAMABgAACiBjdQAAAAAAAAAAAAAAAAAQTWF0cml4IFNtb290aGluZwACAFovOlVzZXJzOmtyYWNoMDE4Okdvb2dsZSBEcml2ZTpTY2hvb2w6TGlicmFyeTpBcnRpY2xlczpNYXRyaXggU21vb3RoaW5nOldvdGhrZSAxOTkzIG5wZC5wZGYADgAoABMAVwBvAHQAaABrAGUAIAAxADkAOQAzACAAbgBwAGQALgBwAGQAZgAPABoADABNAGEAYwBpAG4AdABvAHMAaAAgAEgARAASAFhVc2Vycy9rcmFjaDAxOC9Hb29nbGUgRHJpdmUvU2Nob29sL0xpYnJhcnkvQXJ0aWNsZXMvTWF0cml4IFNtb290aGluZy9Xb3Roa2UgMTk5MyBucGQucGRmABMAAS8AABUAAgAP//8AAAAIAA0AGgAkAHkAAAAAAAACAQAAAAAAAAAFAAAAAAAAAAAAAAAAAAACOw==}}

@article{bock1988,
	Author = {Bock, R Darrell and Gibbons, Robert and Muraki, Eiji},
	Date-Added = {2019-12-11 12:10:09 -0600},
	Date-Modified = {2019-12-11 12:10:21 -0600},
	Journal = {Applied Psychological Measurement},
	Number = {3},
	Pages = {261--280},
	Publisher = {Sage Publications Sage CA: Thousand Oaks, CA},
	Title = {Full-information item factor analysis},
	Volume = {12},
	Year = {1988}}

@article{lurie1998,
	Author = {Lurie, Philip M and Goldberg, Matthew S},
	Date-Added = {2019-12-11 11:58:25 -0600},
	Date-Modified = {2019-12-11 11:58:25 -0600},
	Journal = {Management science},
	Number = {2},
	Pages = {203--218},
	Publisher = {INFORMS},
	Title = {An approximate method for sampling correlated random variables from partially-specified distributions},
	Volume = {44},
	Year = {1998},
	Bdsk-File-1 = {YnBsaXN0MDDSAQIDBFxyZWxhdGl2ZVBhdGhZYWxpYXNEYXRhXxBYLi4vLi4vLi4vR29vZ2xlIERyaXZlL1NjaG9vbC9MaWJyYXJ5L0FydGljbGVzL01hdHJpeCBTbW9vdGhpbmcvTHVyaWUgJiBHb2xkYmVyZyAxOTk4LnBkZk8RAdYAAAAAAdYAAgAADE1hY2ludG9zaCBIRAAAAAAAAAAAAAAAAAAAAAAAAABCRAAB/////xlMdXJpZSAmIEdvbGRiZXJnIDE5OTgucGRmAAAAAAAAAAAAAAAAAAAAAAAAAAAAAAAAAAAAAAAAAAAAAAAAAAD/////AAAAAAAAAAAAAAAAAAMABgAACiBjdQAAAAAAAAAAAAAAAAAQTWF0cml4IFNtb290aGluZwACAGAvOlVzZXJzOmtyYWNoMDE4Okdvb2dsZSBEcml2ZTpTY2hvb2w6TGlicmFyeTpBcnRpY2xlczpNYXRyaXggU21vb3RoaW5nOkx1cmllICYgR29sZGJlcmcgMTk5OC5wZGYADgA0ABkATAB1AHIAaQBlACAAJgAgAEcAbwBsAGQAYgBlAHIAZwAgADEAOQA5ADgALgBwAGQAZgAPABoADABNAGEAYwBpAG4AdABvAHMAaAAgAEgARAASAF5Vc2Vycy9rcmFjaDAxOC9Hb29nbGUgRHJpdmUvU2Nob29sL0xpYnJhcnkvQXJ0aWNsZXMvTWF0cml4IFNtb290aGluZy9MdXJpZSAmIEdvbGRiZXJnIDE5OTgucGRmABMAAS8AABUAAgAP//8AAAAIAA0AGgAkAH8AAAAAAAACAQAAAAAAAAAFAAAAAAAAAAAAAAAAAAACWQ==}}

@article{qi2006,
	Author = {Qi, Houduo and Sun, Defeng},
	Date-Added = {2019-12-11 11:58:21 -0600},
	Date-Modified = {2019-12-11 11:58:21 -0600},
	Journal = {SIAM journal on matrix analysis and applications},
	Number = {2},
	Pages = {360--385},
	Publisher = {SIAM},
	Title = {A quadratically convergent Newton method for computing the nearest correlation matrix},
	Volume = {28},
	Year = {2006},
	Bdsk-File-1 = {YnBsaXN0MDDSAQIDBFxyZWxhdGl2ZVBhdGhZYWxpYXNEYXRhXxBMLi4vLi4vLi4vR29vZ2xlIERyaXZlL1NjaG9vbC9MaWJyYXJ5L0FydGljbGVzL01hdHJpeCBTbW9vdGhpbmcvUWkgU3VuIDA2LnBkZk8RAaYAAAAAAaYAAgAADE1hY2ludG9zaCBIRAAAAAAAAAAAAAAAAAAAAAAAAABCRAAB/////w1RaSBTdW4gMDYucGRmAAAAAAAAAAAAAAAAAAAAAAAAAAAAAAAAAAAAAAAAAAAAAAAAAAAAAAAAAAAAAAAAAAD/////AAAAAAAAAAAAAAAAAAMABgAACiBjdQAAAAAAAAAAAAAAAAAQTWF0cml4IFNtb290aGluZwACAFQvOlVzZXJzOmtyYWNoMDE4Okdvb2dsZSBEcml2ZTpTY2hvb2w6TGlicmFyeTpBcnRpY2xlczpNYXRyaXggU21vb3RoaW5nOlFpIFN1biAwNi5wZGYADgAcAA0AUQBpACAAUwB1AG4AIAAwADYALgBwAGQAZgAPABoADABNAGEAYwBpAG4AdABvAHMAaAAgAEgARAASAFJVc2Vycy9rcmFjaDAxOC9Hb29nbGUgRHJpdmUvU2Nob29sL0xpYnJhcnkvQXJ0aWNsZXMvTWF0cml4IFNtb290aGluZy9RaSBTdW4gMDYucGRmABMAAS8AABUAAgAP//8AAAAIAA0AGgAkAHMAAAAAAAACAQAAAAAAAAAFAAAAAAAAAAAAAAAAAAACHQ==}}

@article{li2010,
	Author = {Li, Qingna and Li, Donghui and Qi, Houduo},
	Date-Added = {2019-12-11 11:58:09 -0600},
	Date-Modified = {2019-12-11 11:58:09 -0600},
	Journal = {Journal of optimization theory and applications},
	Number = {3},
	Pages = {546--568},
	Publisher = {Springer},
	Title = {Newton's method for computing the nearest correlation matrix with a simple upper bound},
	Volume = {147},
	Year = {2010},
	Bdsk-File-1 = {YnBsaXN0MDDSAQIDBFxyZWxhdGl2ZVBhdGhZYWxpYXNEYXRhXxBRLi4vLi4vLi4vR29vZ2xlIERyaXZlL1NjaG9vbC9MaWJyYXJ5L0FydGljbGVzL01hdHJpeCBTbW9vdGhpbmcvS25vbEJlcmdlcjE5OTEucGRmTxEBvAAAAAABvAACAAAMTWFjaW50b3NoIEhEAAAAAAAAAAAAAAAAAAAAAAAAAEJEAAH/////Ektub2xCZXJnZXIxOTkxLnBkZgAAAAAAAAAAAAAAAAAAAAAAAAAAAAAAAAAAAAAAAAAAAAAAAAAAAAAAAAAAAP////8AAAAAAAAAAAAAAAAAAwAGAAAKIGN1AAAAAAAAAAAAAAAAABBNYXRyaXggU21vb3RoaW5nAAIAWS86VXNlcnM6a3JhY2gwMTg6R29vZ2xlIERyaXZlOlNjaG9vbDpMaWJyYXJ5OkFydGljbGVzOk1hdHJpeCBTbW9vdGhpbmc6S25vbEJlcmdlcjE5OTEucGRmAAAOACYAEgBLAG4AbwBsAEIAZQByAGcAZQByADEAOQA5ADEALgBwAGQAZgAPABoADABNAGEAYwBpAG4AdABvAHMAaAAgAEgARAASAFdVc2Vycy9rcmFjaDAxOC9Hb29nbGUgRHJpdmUvU2Nob29sL0xpYnJhcnkvQXJ0aWNsZXMvTWF0cml4IFNtb290aGluZy9Lbm9sQmVyZ2VyMTk5MS5wZGYAABMAAS8AABUAAgAP//8AAAAIAA0AGgAkAHgAAAAAAAACAQAAAAAAAAAFAAAAAAAAAAAAAAAAAAACOA==}}

@article{fushiki2009,
	Author = {Fushiki, Tadayoshi},
	Date-Added = {2019-12-11 11:58:04 -0600},
	Date-Modified = {2019-12-11 11:58:04 -0600},
	Journal = {Neural computation},
	Number = {7},
	Pages = {2028--2048},
	Publisher = {MIT Press},
	Title = {Estimation of positive semidefinite correlation matrices by using convex quadratic semidefinite programming},
	Volume = {21},
	Year = {2009},
	Bdsk-File-1 = {YnBsaXN0MDDSAQIDBFxyZWxhdGl2ZVBhdGhZYWxpYXNEYXRhXxBPLi4vLi4vLi4vR29vZ2xlIERyaXZlL1NjaG9vbC9MaWJyYXJ5L0FydGljbGVzL01hdHJpeCBTbW9vdGhpbmcvRnVzaGlraSAyMDA5LnBkZk8RAbQAAAAAAbQAAgAADE1hY2ludG9zaCBIRAAAAAAAAAAAAAAAAAAAAAAAAABCRAAB/////xBGdXNoaWtpIDIwMDkucGRmAAAAAAAAAAAAAAAAAAAAAAAAAAAAAAAAAAAAAAAAAAAAAAAAAAAAAAAAAAAAAAD/////AAAAAAAAAAAAAAAAAAMABgAACiBjdQAAAAAAAAAAAAAAAAAQTWF0cml4IFNtb290aGluZwACAFcvOlVzZXJzOmtyYWNoMDE4Okdvb2dsZSBEcml2ZTpTY2hvb2w6TGlicmFyeTpBcnRpY2xlczpNYXRyaXggU21vb3RoaW5nOkZ1c2hpa2kgMjAwOS5wZGYAAA4AIgAQAEYAdQBzAGgAaQBrAGkAIAAyADAAMAA5AC4AcABkAGYADwAaAAwATQBhAGMAaQBuAHQAbwBzAGgAIABIAEQAEgBVVXNlcnMva3JhY2gwMTgvR29vZ2xlIERyaXZlL1NjaG9vbC9MaWJyYXJ5L0FydGljbGVzL01hdHJpeCBTbW9vdGhpbmcvRnVzaGlraSAyMDA5LnBkZgAAEwABLwAAFQACAA///wAAAAgADQAaACQAdgAAAAAAAAIBAAAAAAAAAAUAAAAAAAAAAAAAAAAAAAIu}}

@article{knol1991,
	Author = {Knol, Dirk L and Berger, Martijn PF},
	Date-Added = {2019-12-11 11:45:58 -0600},
	Date-Modified = {2019-12-11 11:45:58 -0600},
	Journal = {Multivariate behavioral research},
	Number = {3},
	Pages = {457--477},
	Publisher = {Taylor \& Francis},
	Title = {Empirical comparison between factor analysis and multidimensional item response models},
	Volume = {26},
	Year = {1991},
	Bdsk-File-1 = {YnBsaXN0MDDSAQIDBFxyZWxhdGl2ZVBhdGhZYWxpYXNEYXRhXxBRLi4vLi4vLi4vR29vZ2xlIERyaXZlL1NjaG9vbC9MaWJyYXJ5L0FydGljbGVzL01hdHJpeCBTbW9vdGhpbmcvS25vbEJlcmdlcjE5OTEucGRmTxEBvAAAAAABvAACAAAMTWFjaW50b3NoIEhEAAAAAAAAAAAAAAAAAAAAAAAAAEJEAAH/////Ektub2xCZXJnZXIxOTkxLnBkZgAAAAAAAAAAAAAAAAAAAAAAAAAAAAAAAAAAAAAAAAAAAAAAAAAAAAAAAAAAAP////8AAAAAAAAAAAAAAAAAAwAGAAAKIGN1AAAAAAAAAAAAAAAAABBNYXRyaXggU21vb3RoaW5nAAIAWS86VXNlcnM6a3JhY2gwMTg6R29vZ2xlIERyaXZlOlNjaG9vbDpMaWJyYXJ5OkFydGljbGVzOk1hdHJpeCBTbW9vdGhpbmc6S25vbEJlcmdlcjE5OTEucGRmAAAOACYAEgBLAG4AbwBsAEIAZQByAGcAZQByADEAOQA5ADEALgBwAGQAZgAPABoADABNAGEAYwBpAG4AdABvAHMAaAAgAEgARAASAFdVc2Vycy9rcmFjaDAxOC9Hb29nbGUgRHJpdmUvU2Nob29sL0xpYnJhcnkvQXJ0aWNsZXMvTWF0cml4IFNtb290aGluZy9Lbm9sQmVyZ2VyMTk5MS5wZGYAABMAAS8AABUAAgAP//8AAAAIAA0AGgAkAHgAAAAAAAACAQAAAAAAAAAFAAAAAAAAAAAAAAAAAAACOA==}}

@article{bentler2011,
	Author = {Bentler, Peter and Yuan, Ke-Hai},
	Date-Added = {2019-12-11 11:45:48 -0600},
	Date-Modified = {2019-12-11 11:45:48 -0600},
	Journal = {Psychometrika},
	Number = {1},
	Pages = {119--123},
	Publisher = {Springer},
	Title = {Positive definiteness via off-diagonal scaling of a symmetric indefinite matrix},
	Volume = {76},
	Year = {2011},
	Bdsk-File-1 = {YnBsaXN0MDDSAQIDBFxyZWxhdGl2ZVBhdGhZYWxpYXNEYXRhXxBULi4vLi4vLi4vR29vZ2xlIERyaXZlL1NjaG9vbC9MaWJyYXJ5L0FydGljbGVzL01hdHJpeCBTbW9vdGhpbmcvQmVudGxlciBZdWFuIDIwMTEucGRmTxEBxgAAAAABxgACAAAMTWFjaW50b3NoIEhEAAAAAAAAAAAAAAAAAAAAAAAAAEJEAAH/////FUJlbnRsZXIgWXVhbiAyMDExLnBkZgAAAAAAAAAAAAAAAAAAAAAAAAAAAAAAAAAAAAAAAAAAAAAAAAAAAAAAAP////8AAAAAUERGIAAAAAAAAwAGAAAKIGN1AAAAAAAAAAAAAAAAABBNYXRyaXggU21vb3RoaW5nAAIAXC86VXNlcnM6a3JhY2gwMTg6R29vZ2xlIERyaXZlOlNjaG9vbDpMaWJyYXJ5OkFydGljbGVzOk1hdHJpeCBTbW9vdGhpbmc6QmVudGxlciBZdWFuIDIwMTEucGRmAA4ALAAVAEIAZQBuAHQAbABlAHIAIABZAHUAYQBuACAAMgAwADEAMQAuAHAAZABmAA8AGgAMAE0AYQBjAGkAbgB0AG8AcwBoACAASABEABIAWlVzZXJzL2tyYWNoMDE4L0dvb2dsZSBEcml2ZS9TY2hvb2wvTGlicmFyeS9BcnRpY2xlcy9NYXRyaXggU21vb3RoaW5nL0JlbnRsZXIgWXVhbiAyMDExLnBkZgATAAEvAAAVAAIAD///AAAACAANABoAJAB7AAAAAAAAAgEAAAAAAAAABQAAAAAAAAAAAAAAAAAAAkU=},
	Bdsk-File-2 = {YnBsaXN0MDDSAQIDBFxyZWxhdGl2ZVBhdGhZYWxpYXNEYXRhXxBaLi4vLi4vLi4vR29vZ2xlIERyaXZlL1NjaG9vbC9MaWJyYXJ5L0FydGljbGVzL01hdHJpeCBTbW9vdGhpbmcvQmVudGxlciBKYW1zaGlkaWFuIDE5OTQucGRmTxEB3gAAAAAB3gACAAAMTWFjaW50b3NoIEhEAAAAAAAAAAAAAAAAAAAAAAAAAEJEAAH/////G0JlbnRsZXIgSmFtc2hpZGlhbiAxOTk0LnBkZgAAAAAAAAAAAAAAAAAAAAAAAAAAAAAAAAAAAAAAAAAAAAAAAP////8AAAAAAAAAAAAAAAAAAwAGAAAKIGN1AAAAAAAAAAAAAAAAABBNYXRyaXggU21vb3RoaW5nAAIAYi86VXNlcnM6a3JhY2gwMTg6R29vZ2xlIERyaXZlOlNjaG9vbDpMaWJyYXJ5OkFydGljbGVzOk1hdHJpeCBTbW9vdGhpbmc6QmVudGxlciBKYW1zaGlkaWFuIDE5OTQucGRmAA4AOAAbAEIAZQBuAHQAbABlAHIAIABKAGEAbQBzAGgAaQBkAGkAYQBuACAAMQA5ADkANAAuAHAAZABmAA8AGgAMAE0AYQBjAGkAbgB0AG8AcwBoACAASABEABIAYFVzZXJzL2tyYWNoMDE4L0dvb2dsZSBEcml2ZS9TY2hvb2wvTGlicmFyeS9BcnRpY2xlcy9NYXRyaXggU21vb3RoaW5nL0JlbnRsZXIgSmFtc2hpZGlhbiAxOTk0LnBkZgATAAEvAAAVAAIAD///AAAACAANABoAJACBAAAAAAAAAgEAAAAAAAAABQAAAAAAAAAAAAAAAAAAAmM=}}

@article{higham2002,
	Author = {Higham, Nicholas J},
	Date-Added = {2019-12-11 11:45:40 -0600},
	Date-Modified = {2019-12-11 11:45:40 -0600},
	Journal = {IMA journal of Numerical Analysis},
	Number = {3},
	Pages = {329--343},
	Publisher = {Oxford University Press},
	Title = {Computing the nearest correlation matrix---a problem from finance},
	Volume = {22},
	Year = {2002},
	Bdsk-File-1 = {YnBsaXN0MDDSAQIDBFxyZWxhdGl2ZVBhdGhZYWxpYXNEYXRhXxB0Li4vLi4vLi4vR29vZ2xlIERyaXZlL1NjaG9vbC9BcmNoaXZlL01hdHJpeCBTbW9vdGhpbmcgKE9MRCBGSUxFUykvUERGL0FsdGVybmF0aW5nIFByb2plY3Rpb25zIFBhcGVycy9IaWdoYW0gMjAwMi5wZGZPEQIIAAAAAAIIAAIAAAxNYWNpbnRvc2ggSEQAAAAAAAAAAAAAAAAAAAAAAAAAQkQAAf////8PSGlnaGFtIDIwMDIucGRmAAAAAAAAAAAAAAAAAAAAAAAAAAAAAAAAAAAAAAAAAAAAAAAAAAAAAAAAAAAAAAAA/////wAAAABQREYgAAAAAAADAAcAAAogY3UAAAAAAAAAAAAAAAAAHkFsdGVybmF0aW5nIFByb2plY3Rpb25zIFBhcGVycwACAHwvOlVzZXJzOmtyYWNoMDE4Okdvb2dsZSBEcml2ZTpTY2hvb2w6QXJjaGl2ZTpNYXRyaXggU21vb3RoaW5nIChPTEQgRklMRVMpOlBERjpBbHRlcm5hdGluZyBQcm9qZWN0aW9ucyBQYXBlcnM6SGlnaGFtIDIwMDIucGRmAA4AIAAPAEgAaQBnAGgAYQBtACAAMgAwADAAMgAuAHAAZABmAA8AGgAMAE0AYQBjAGkAbgB0AG8AcwBoACAASABEABIAelVzZXJzL2tyYWNoMDE4L0dvb2dsZSBEcml2ZS9TY2hvb2wvQXJjaGl2ZS9NYXRyaXggU21vb3RoaW5nIChPTEQgRklMRVMpL1BERi9BbHRlcm5hdGluZyBQcm9qZWN0aW9ucyBQYXBlcnMvSGlnaGFtIDIwMDIucGRmABMAAS8AABUAAgAP//8AAAAIAA0AGgAkAJsAAAAAAAACAQAAAAAAAAAFAAAAAAAAAAAAAAAAAAACpw==}}

@article{debelak2013,
	Author = {Debelak, Rudolf and Tran, Ulrich S},
	Date-Added = {2019-12-11 11:45:29 -0600},
	Date-Modified = {2019-12-11 11:45:29 -0600},
	Journal = {Educational and Psychological Measurement},
	Number = {1},
	Pages = {63--77},
	Publisher = {SAGE Publications Sage CA: Los Angeles, CA},
	Title = {Principal component analysis of smoothed tetrachoric correlation matrices as a measure of dimensionality},
	Volume = {73},
	Year = {2013},
	Bdsk-File-1 = {YnBsaXN0MDDSAQIDBFxyZWxhdGl2ZVBhdGhZYWxpYXNEYXRhXxBULi4vLi4vLi4vR29vZ2xlIERyaXZlL1NjaG9vbC9MaWJyYXJ5L0FydGljbGVzL01hdHJpeCBTbW9vdGhpbmcvRGViZWxhayBUcmFuIDIwMTMucGRmTxEBxgAAAAABxgACAAAMTWFjaW50b3NoIEhEAAAAAAAAAAAAAAAAAAAAAAAAAEJEAAH/////FURlYmVsYWsgVHJhbiAyMDEzLnBkZgAAAAAAAAAAAAAAAAAAAAAAAAAAAAAAAAAAAAAAAAAAAAAAAAAAAAAAAP////8AAAAAAAAAAAAAAAAAAwAGAAAKIGN1AAAAAAAAAAAAAAAAABBNYXRyaXggU21vb3RoaW5nAAIAXC86VXNlcnM6a3JhY2gwMTg6R29vZ2xlIERyaXZlOlNjaG9vbDpMaWJyYXJ5OkFydGljbGVzOk1hdHJpeCBTbW9vdGhpbmc6RGViZWxhayBUcmFuIDIwMTMucGRmAA4ALAAVAEQAZQBiAGUAbABhAGsAIABUAHIAYQBuACAAMgAwADEAMwAuAHAAZABmAA8AGgAMAE0AYQBjAGkAbgB0AG8AcwBoACAASABEABIAWlVzZXJzL2tyYWNoMDE4L0dvb2dsZSBEcml2ZS9TY2hvb2wvTGlicmFyeS9BcnRpY2xlcy9NYXRyaXggU21vb3RoaW5nL0RlYmVsYWsgVHJhbiAyMDEzLnBkZgATAAEvAAAVAAIAD///AAAACAANABoAJAB7AAAAAAAAAgEAAAAAAAAABQAAAAAAAAAAAAAAAAAAAkU=}}

@article{debelak2016,
	Abstract = {The analysis of polychoric correlations via principal component analysis and exploratory factor analysis are well-known approaches to determine the dimensionality of ordered categorical items. However, the application of these approaches has been considered as critical due to the possible indefiniteness of the polychoric correlation matrix. A possible solution to this problem is the application of smoothing algorithms. This study compared the effects of three smoothing algorithms, based on the Frobenius norm, the adaption of the eigenvalues and eigenvectors, and on minimum-trace factor analysis, on the accuracy of various variations of parallel analysis by the means of a simulation study. We simulated different datasets which varied with respect to the size of the respondent sample, the size of the item set, the underlying factor model, the skewness of the response distributions and the number of response categories in each item. We found that a parallel analysis and principal component analysis of smoothed polychoric and Pearson correlations led to the most accurate results in detecting the number of major factors in simulated datasets when compared to the other methods we investigated. Of the methods used for smoothing polychoric correlation matrices, we recommend the algorithm based on minimum trace factor analysis.},
	Author = {Debelak, Rudolf and Tran, Ulrich S.},
	Date-Added = {2019-12-11 11:45:29 -0600},
	Date-Modified = {2019-12-11 11:45:29 -0600},
	Doi = {10.1371/journal.pone.0148143},
	Journal = {PLOS ONE},
	Month = {02},
	Number = {2},
	Pages = {1-18},
	Publisher = {Public Library of Science},
	Title = {Comparing the Effects of Different Smoothing Algorithms on the Assessment of Dimensionality of Ordered Categorical Items with Parallel Analysis},
	Url = {https://doi.org/10.1371/journal.pone.0148143},
	Volume = {11},
	Year = {2016},
	Bdsk-Url-1 = {https://doi.org/10.1371/journal.pone.0148143}}

@article{brown1977mean,
	Author = {Brown, Morton B and Benedetti, Jacqueline K},
	Date-Added = {2019-12-03 14:02:36 -0600},
	Date-Modified = {2019-12-03 14:02:36 -0600},
	Journal = {Psychometrika},
	Number = {3},
	Pages = {347--355},
	Publisher = {Springer},
	Title = {On the mean and variance of the tetrachoric correlation coefficient},
	Volume = {42},
	Year = {1977}}

@article{de2012factor,
	Author = {De Winter, Joost CF and Dodou, Dimitra},
	Date-Added = {2019-11-27 12:00:29 -0600},
	Date-Modified = {2019-11-27 12:00:29 -0600},
	Journal = {Journal of Applied Statistics},
	Number = {4},
	Pages = {695--710},
	Publisher = {Taylor \& Francis},
	Title = {Factor recovery by principal axis factoring and maximum likelihood factor analysis as a function of factor pattern and sample size},
	Volume = {39},
	Year = {2012}}

@article{Jung_2011,
	Author = {Jung, Sunho and Lee, Soonmook},
	Date-Added = {2019-11-27 11:58:52 -0600},
	Date-Modified = {2019-11-27 11:58:52 -0600},
	Doi = {10.3758/s13428-011-0077-9},
	Issn = {1554-3528},
	Journal = {Behavior Research Methods},
	Month = {Mar},
	Number = {3},
	Pages = {701--709},
	Publisher = {Springer Science and Business Media LLC},
	Title = {Exploratory factor analysis for small samples},
	Url = {http://dx.doi.org/10.3758/s13428-011-0077-9},
	Volume = {43},
	Year = {2011},
	Bdsk-Url-1 = {http://dx.doi.org/10.3758/s13428-011-0077-9}}

@book{CrockerAlgina,
	Author = {Crocker, Linda and Algina, James},
	Date-Added = {2019-11-21 13:30:18 -0600},
	Date-Modified = {2019-11-21 13:30:18 -0600},
	Publisher = {ERIC},
	Title = {Introduction to classical and modern test theory.},
	Year = {1986},
	Bdsk-File-1 = {YnBsaXN0MDDSAQIDBFxyZWxhdGl2ZVBhdGhZYWxpYXNEYXRhXxAuLi4vLi4vQXJjaGl2ZS9NZWFzdXJlbWVudCBUQS9Dcm9ja2VyQWxnaW5hLnBkZk8RAZoAAAAAAZoAAgAADEdvb2dsZSBEcml2ZQAAAAAAAAAAAAAAAAAAAAAAAABCRAAB/////xFDcm9ja2VyQWxnaW5hLnBkZgAAAAAAAAAAAAAAAAAAAAAAAAAAAAAAAAAAAAAAAAAAAAAAAAAAAAAAAAAAAAD/////AAAAAAAAAAAAAAAAAAIAAwAACgBjdQAAAAAAAAAAAAAAAAAOTWVhc3VyZW1lbnQgVEEAAgBOLzpWb2x1bWVzOkdvb2dsZURyaXZlOk15IERyaXZlOlNjaG9vbDpBcmNoaXZlOk1lYXN1cmVtZW50IFRBOkNyb2NrZXJBbGdpbmEucGRmAA4AJAARAEMAcgBvAGMAawBlAHIAQQBsAGcAaQBuAGEALgBwAGQAZgAPABoADABHAG8AbwBnAGwAZQAgAEQAcgBpAHYAZQASADkvTXkgRHJpdmUvU2Nob29sL0FyY2hpdmUvTWVhc3VyZW1lbnQgVEEvQ3JvY2tlckFsZ2luYS5wZGYAABMAFC9Wb2x1bWVzL0dvb2dsZURyaXZl//8AAAAIAA0AGgAkAFUAAAAAAAACAQAAAAAAAAAFAAAAAAAAAAAAAAAAAAAB8w==}}

@manual{waller2019a,
	Annote = {Version 1.92.3},
	Author = {Niels G. Waller},
	Date-Added = {2019-11-21 12:39:26 -0600},
	Date-Modified = {2019-11-21 12:39:26 -0600},
	Title = {fungible: Psychometric Functions from the {W}aller Lab},
	Year = {2019}}

@book{hair1998,
	Address = {Upper Saddle River, NJ},
	Author = {Hair Jr., Joseph F and Anderson, Rolph E and Tatham, Ronald L and William, C},
	Date-Added = {2019-11-21 12:14:26 -0600},
	Date-Modified = {2019-11-21 12:16:02 -0600},
	Edition = {5},
	Publisher = {Prentice-Hall, Inc},
	Title = {Multivariate Data Analysis},
	Year = {1998}}

@article{maccallum2001a,
	Abstract = {This article examines effects of sample size and other design features on correspondence between factors obtained from analysis of sample data and those present in the population from which the samples were drawn. We extend earlier work on this question by examining these phenomena in the situation in which the common factor model does not hold exactly in the population. We present a theoretical framework for representing such lack of fit and examine its implications in the population and sample. Based on this approach we hypothesize that lack of fit of the model in the population will not, on the average. influence recovery of population factors in analysis of sample data, regardless of degree of model error and regardless of sample size. Rather. such recovery will be affected only by phenomena related to sampling error which have been studied previously. These hypotheses are investigated and verified in two sampling studies, one using artificial data and one using empirical data.},
	Address = {10 INDUSTRIAL AVE, MAHWAH, NJ 07430-2262 USA},
	Author = {MacCallum, R. C. and Widaman, K. F. and Preacher, K. J. and Hong, S.},
	Date-Added = {2019-11-21 12:07:50 -0600},
	Date-Modified = {2019-11-21 12:08:09 -0600},
	Issn = {0027-3171},
	Journal = {Multivariate Behav. Res.},
	Number = {4},
	Pages = {611--637},
	Publisher = {LAWRENCE ERLBAUM ASSOC INC},
	Times-Cited = {357},
	Title = {Sample size in factor analysis: The role of model error},
	Volume = {36},
	Wok-Uid = {WOS:000173914200006},
	Year = {2001},
	Bdsk-Url-1 = {http://ws.isiknowledge.com/cps/openurl/service?url_ver=Z39.88-2004&rft_id=info:ut/WOS:000173914200006}}

@article{briggs2003,
	Author = {Briggs, Nancy E and MacCallum, Robert C},
	Date-Added = {2019-11-20 15:15:55 -0600},
	Date-Modified = {2019-11-20 15:15:55 -0600},
	Journal = {Multivariate Behavioral Research},
	Number = {1},
	Pages = {25--56},
	Publisher = {Taylor \& Francis},
	Title = {Recovery of weak common factors by maximum likelihood and ordinary least squares estimation},
	Volume = {38},
	Year = {2003}}

@article{tucker1969,
	Author = {Tucker, Ledyard R and Koopman, Raymond F and Linn, Robert L},
	Date-Added = {2019-11-20 15:02:05 -0600},
	Date-Modified = {2019-11-20 15:02:05 -0600},
	Journal = {Psychometrika},
	Number = {4},
	Pages = {421--459},
	Publisher = {Springer},
	Title = {Evaluation of factor analytic research procedures by means of simulated correlation matrices},
	Volume = {34},
	Year = {1969}}

@article{wirth2007item,
	Author = {Wirth, RJ and Edwards, Michael C},
	Date-Added = {2019-11-11 14:35:04 -0600},
	Date-Modified = {2019-11-11 14:35:04 -0600},
	Journal = {Psychological methods},
	Number = {1},
	Pages = {58},
	Publisher = {American Psychological Association},
	Title = {Item factor analysis: current approaches and future directions.},
	Volume = {12},
	Year = {2007}}

@article{olsson1979maximum,
	Author = {Olsson, Ulf},
	Date-Added = {2019-11-11 14:30:24 -0600},
	Date-Modified = {2019-11-11 14:30:24 -0600},
	Journal = {Psychometrika},
	Number = {4},
	Pages = {443--460},
	Publisher = {Springer},
	Title = {Maximum likelihood estimation of the polychoric correlation coefficient},
	Volume = {44},
	Year = {1979}}

@manual{R-base,
	Address = {Vienna, Austria},
	Author = {{R Core Team}},
	Organization = {R Foundation for Statistical Computing},
	Title = {R: A Language and Environment for Statistical Computing},
	Url = {https://www.R-project.org/},
	Year = {2019},
	Bdsk-Url-1 = {https://www.R-project.org/}}

@manual{R-papaja,
	Author = {Frederik Aust and Marius Barth},
	Note = {R package version 0.1.0.9842},
	Title = {{papaja}: {Create} {APA} manuscripts with {R Markdown}},
	Url = {https://github.com/crsh/papaja},
	Year = {2018},
	Bdsk-Url-1 = {https://github.com/crsh/papaja}}
